<record><leader>00000cas a2200000 a 4500</leader><controlfield tag="001">10114875</controlfield><controlfield tag="008">831110d19241956nyuwr ne      0    0eng c</controlfield><datafield ind1=" " ind2=" " tag="010"><subfield code="a">sn 83031717 </subfield></datafield><datafield ind1=" " ind2=" " tag="040"><subfield code="a">NPU</subfield><subfield code="b">eng</subfield><subfield code="c">NPU</subfield><subfield code="d">NYS</subfield><subfield code="d">OCLCQ</subfield><subfield code="d">OCLCO</subfield></datafield><datafield ind1="1" ind2=" " tag="029"><subfield code="a">AU@</subfield><subfield code="b">000020418236</subfield></datafield><datafield ind1=" " ind2=" " tag="042"><subfield code="a">pcc</subfield></datafield><datafield ind1=" " ind2=" " tag="043"><subfield code="a">n-us-ny</subfield></datafield><datafield ind1="0" ind2="4" tag="245"><subfield code="a">The Yorktown herald.</subfield></datafield><datafield ind1=" " ind2=" " tag="260"><subfield code="a">Yorktown Heights, N.Y. :</subfield><subfield code="b">Daily Union Pub. Co.,</subfield><subfield code="c">1924-1956.</subfield></datafield><datafield ind1=" " ind2=" " tag="300"><subfield code="a">v. :</subfield><subfield code="b">ill. ;</subfield><subfield code="c">44-58 cm.</subfield></datafield><datafield ind1=" " ind2=" " tag="310"><subfield code="a">Weekly</subfield></datafield><datafield ind1="0" ind2=" " tag="362"><subfield code="a">Vol. 1, no. 1 (June 10, 1924)-(Sept. 20,1956).</subfield></datafield><datafield ind1=" " ind2=" " tag="500"><subfield code="a">Published every Thursday.</subfield></datafield><datafield ind1=" " ind2=" " tag="500"><subfield code="a">"A community newspaper serving Amawalk, Croton Heights, Granite Springs, Jefferson Valley, Kitchawan, Mohegan, Shrub Oak, Somers, Yorktown Heights," 1943.</subfield></datafield><datafield ind1=" " ind2=" " tag="500"><subfield code="a">Founded June 10, 1924 by Cornelia Pugley.</subfield></datafield><datafield ind1=" " ind2=" " tag="500"><subfield code="a">Publisher: Mrs. Pauline G. Stanley, 1944-1954.</subfield></datafield><datafield ind1=" " ind2=" " tag="500"><subfield code="a">Purchased by Patent Trader in 1954.</subfield></datafield><datafield ind1="4" ind2=" " tag="510"><subfield code="a">Gregory, W. Amer. newspapers, 1821-1936</subfield><subfield code="c">p. 498</subfield></datafield><datafield ind1=" " ind2=" " tag="580"><subfield code="a">Absorbed in 1956 by: Patent Trader.</subfield></datafield><datafield ind1=" " ind2=" " tag="588"><subfield code="a">Description based on: Vol. 1, no. 15 (Sept. 4, 1924).</subfield></datafield><datafield ind1=" " ind2="0" tag="651"><subfield code="a">Somers (N.Y. : Town)</subfield><subfield code="v">Newspapers.</subfield></datafield><datafield ind1=" " ind2="0" tag="651"><subfield code="a">Yorktown (Town : N.Y.)</subfield><subfield code="v">Newspapers.</subfield></datafield><datafield ind1=" " ind2="0" tag="651"><subfield code="a">Yorktown Heights (N.Y.)</subfield><subfield code="v">Newspapers.</subfield></datafield><datafield ind1=" " ind2="0" tag="651"><subfield code="a">Westchester County (N.Y.)</subfield><subfield code="v">Newspapers.</subfield></datafield><datafield ind1=" " ind2=" " tag="752"><subfield code="a">United States</subfield><subfield code="b">New York</subfield><subfield code="c">Westchester</subfield><subfield code="d">Yorktown.</subfield></datafield><datafield ind1="0" ind2="4" tag="785"><subfield code="a">Patent trader</subfield><subfield code="w">(DLC)sn 83008557</subfield><subfield code="w">(OCoLC)9833221</subfield></datafield></record>